@article{articulo1,
  title={La huella del carbono en la producci{\'o}n, distribuci{\'o}n y consumo de bienes y servicios},
  author={Schneider, Helo{\'\i}sa and Samaniego, Joseluis},
  journal={Santiago de Chile: Comisi{\'o}n Econ{\'o}mica para Am{\'e}rica Latina y el Caribe (CEPAL)},
  pages={29--34},
  year={2009}
}
@article{referencia2,
title={Univesidad {I}ndustrial de {S}antander},
url={www.uis.edu.co}
}
